2133 2995
409 143 555 214 410
697 142 814 197 DE
869 143 1347 198 SYMBOLIS
1387 143 1848 199 HEROICIS

181 261 230 304 In
246 260 368 304 Hex-
412 253 503 310 tiae
528 245 862 314 aedificantis
887 272 1054 337 typus
1081 248 1222 312 diuo
1241 245 1564 313 Ambrosio
1589 249 1707 314 visa
1730 250 1840 329 est3
1866 248 2014 315 dum

181 338 355 450 ‘2317
416 343 487 407 de
510 341 624 424 illa,
654 348 1006 434 Pretiosiores,
1033 351 1225 432 inquit
1244 400 1260 426 ,
1285 370 1406 407 auro
1427 344 1573 407 nidos
1589 348 1770 431 struit,
1797 351 1913 435 quia
1924 344 2014 430 fiz-

404 444 604 529 pienrer
626 441 851 529 nidificat
875 470 890 503 .·
918 441 1070 505 nidus
1092 446 1222 503 enim
1233 437 1488 530 fhpientiae
1501 444 1761 529 pretiosior
1784 447 1847 525 est
1869 468 2004 507 auro,

493 543 716 604 Hortor
751 545 982 604 interim
1024 594 1041 621 ,
1088 539 1188 602 sua
1222 562 1285 604 vr
1321 544 1529 626 pariter
1578 545 1879 605 inueniant
1915 564 2012 605 aut

411 660 669 724 pangant
687 633 966 724 Symbola
1002 635 1032 699 ὲ
1071 633 1377 700 Sodalibus
1415 632 1506 720 alij
1533 670 1547 715 3
1571 633 1692 723 quo
1732 643 1830 719 ita,
1864 637 2011 701 dum

413 734 629 796 tesseras
671 731 978 798 habuerint
1016 756 1138 798 tam
1176 730 1426 820 pulchrae
1449 739 1671 820 pietatis
1711 788 1731 815 ,
1767 734 1841 798 ad
1880 761 2009 798 eam

412 829 859 895 consecrandam
903 830 1171 918 quotidie
1214 827 1498 918 plurimos
1545 826 1685 894 alios
1738 831 2012 896 exstimu-

406 921 547 989 lent.

507 1021 616 1088 Sed
664 1035 724 1087 &
768 1020 1034 1087 suaserim
1067 1047 1301 1111 quoque
1340 1077 1359 1105 ,
1411 1045 1477 1090 vt:
1518 1030 1807 1111 quoniam
1850 1028 2012 1112 inge-

409 1124 509 1184 nia
546 1120 746 1205 Leodij
788 1121 920 1185 sunt
959 1143 1083 1184 tam
1120 1120 1459 1208 perspicacia
1494 1175 1512 1202 ,
1562 1132 1621 1184 δε
1657 1144 1780 1185 tam
1817 1119 2013 1186 excul-

411 1238 470 1281 ta
513 1270 532 1298 ,
583 1221 798 1305 proprij
850 1214 1105 1301 Sodalitij
1161 1215 1445 1305 generalia
1482 1215 1760 1306 Symbola
1811 1243 2015 1306 expro-

412 1337 622 1391 mam,
658 1309 902 1403 suaeque·
920 1311 1143 1378 militiae
1173 1314 1492 1379 Partheniae
1527 1311 1804 1382 vexillum
1839 1312 2018 1405 expli-

413 1434 564 1476 cent.

421 1516 423 1518 ’
508 1505 822 1574 Nonnulla
857 1514 918 1574 in
963 1506 1078 1573 hoc
1116 1499 1325 1621 Capite
1365 1507 1688 1596 speetanda
1711 1508 2018 1597 proposui-

416 1631 585 1671 mus·
574 1629 794 1694 ,atque
820 1603 1027 1671 adeo
999 1633 1032 1670 a
1054 1613 1224 1671 ternis
1254 1605 1571 1671 Partheniis
1598 1604 1888 1695 Symbolis
1915 1634 2020 1672 au·-

414 1702 612 1791 spicati
648 1703 844 1768 sumus
880 1708 1250 1769 Prooemium
1282 1703 1452 1769 huius
1477 1709 1728 1790 Operis:
1765 1729 1892 1791 quae
1928 1711 2019 1770 ni'-

415 1807 638 1865 mirum
660 1805 894 1890 Virgini
918 1798 1243 1866 Salutatae
1214 1828 1248 1866 a
1278 1797 1494 1866 sidereo
1522 1806 1924 1885 InternuntiO,
1955 1814 2016 1868 &

415 1898 608 1964 eidem
644 1904 706 1963 in
732 1896 938 1963 caelum
962 1898 1304 1986 Assumptae‚
1330 1898 1870 1964 accommodantur.
1890 1905 2019 1965 Iam

418 1995 710 2062 coronidis
730 1993 864 2061 loco
881 2021 1067 2063 vnum
1093 1995 1285 2060 adhuc
1308 1990 1623 2062 alterumve
1646 1995 1862 2061 addam
1886 2051 1906 2080 ,
1931 1997 2023 2062 di-

421 2116 619 2171 catum
651 2100 794 2157 item
815 2098 1050 2182 Virgini
1086 2092 1227 2181 pure
1256 2120 1324 2159 ac
1359 2089 1475 2157 sine
1511 2090 1664 2158 noxa
1687 2098 2022 2182 Conceptae.

427 2189 545 2256 hoc
568 2189 666 2273 est,
686 2190 1082 2280 Pyramidem‚
1109 2189 1274 2279 supra
1288 2217 1469 2280 quam
1490 2188 1704 2255 directe
1722 2188 1817 2256 Sol
1839 2189 2025 2280 splen-

420 2286 572 2370 deat,
599 2313 733 2352 cum
759 2288 1047 2377 adscripto
1069 2284 1529 2372 lemmate‚VM13
1547 2310 1590 2352 R
1607 2311 1691 2353 ΑΕ
1723 2311 1768 2354 N
1786 2312 1860 2354 Es
1879 2311 2020 2355 οιΑ.

419 2388 653 2451 Etenim
699 2381 796 2450 Sol
827 2389 1101 2452 AEternus
1144 2385 1299 2451 hanc
1339 2383 1792 2474 pulcherrimam
1833 2391 2026 2475 Virgi-

422 2506 564 2550 nem
590 2480 665 2550 ab
688 2489 860 2550 omni
886 2508 1047 2573 parte
1076 2480 1420 2567 illustrauit3
1460 2495 1520 2549 &
1545 2479 1735 2551 effecit
1755 2539 1776 2569 ,
1798 2507 1862 2554 vt
1895 2482 2026 2550 abs.-

1909 2605 2024 2671 que
