2133 2995
1640 96 1713 164 ix

212 216 405 290 Inter
427 210 549 288 has
576 209 849 313 generis
871 207 1070 313 quasi
1089 203 1306 285 stellas
1323 269 1344 303 ‚
1369 207 1561 285 haud
1577 238 1713 312 ego

96 327 207 403 Te
225 325 525 401 dixerim
546 323 831 415 micare,
846 320 1046 398 velut
1069 320 1288 395 micat
1307 320 1493 395 inter
1513 321 1710 424 ignes

101 439 307 513 Luna
359 436 692 510 minores.
745 432 991 509 Debet
1042 433 1226 507 inter
1283 430 1501 507 sidera
1536 432 1710 506 Solis

102 549 309 622 instar
333 545 749 650 confulgere
769 607 790 640 ,
826 542 1134 649 quisquis
1165 541 1279 620 ille
1313 543 1411 618 est
1434 605 1455 637 ,
1487 570 1714 647 quem

94 662 350 735 Genus
376 664 454 733 ὅζ
484 659 733 733 Virtus
765 658 1092 732 certatim
1121 658 1451 731 Heroem
1480 651 1713 730 conle-

99 794 320 846 ctant.
377 771 669 845 Etenim
716 768 1070 844 stellarum
1111 766 1372 871 aliquas
1408 828 1428 860 ,
1465 771 1543 840 &
1581 768 1718 840 Lu-

103 910 273 957 nam
310 879 523 984 ipsam
545 941 565 976 ‚
603 879 880 956 afflatus
913 879 1202 982 maligni
1238 876 1718 981 fissepenumerb

103 990 548 1069 accusamus:
581 1013 651 1068 at
674 991 793 1066 Sol
827 989 1005 1067 solus
1034 992 1132 1067 est
1162 1015 1358 1065 extra
1392 986 1715 1084 maleficii

97 1131 265 1180 eam
293 1129 542 1179 notam
561 1165 582 1198 ,
615 1101 1024 1206 semperque
1056 1100 1359 1205 prosper,
1388 1099 1718 1194 salutariS,

102 1219 180 1290 &
207 1215 468 1291 Virtuti
507 1214 905 1290 fimillimus
929 1275 949 1309 ,
980 1212 1362 1318 gratusque
1399 1213 1610 1288 bonis
1643 1217 1720 1286 ἃ

104 1325 303 1402 malis
323 1326 565 1402 oritur.
594 1327 853 1428 Qam
875 1352 1116 1430 gratus
1136 1323 1479 1400 omnibus
1496 1325 1619 1399 Tu
1638 1322 1719 1398 fis

103 1438 178 1513 in
213 1438 318 1513 his
350 1438 829 1541 RegionibuS,
864 1438 1109 1514 dicent
1127 1436 1397 1530 Vrbe3‚
1426 1435 1721 1511 Prouin-

103 1550 229 1625 ciae
254 1610 275 1643 ,
308 1545 563 1651 Populi
599 1597 617 1649 3
662 1553 741 1623 &
766 1550 894 1654 qui
929 1548 1088 1625 sunt
1118 1548 1325 1623 instar
1360 1547 1719 1640 omnium,

105 1661 348 1735 dicent
388 1660 634 1762 amplae
674 1660 885 1736 huius
926 1659 1328 1764 Legationis
1369 1658 1719 1760 Principes

107 1771 431 1847 Maximi.
473 1771 591 1847 Sol
623 1772 1133 1877 circumagitur
1164 1764 1370 1846 causa
1389 1797 1721 1845 commu-

107 1883 213 1958 nis
244 1883 418 1957 boni
452 1912 466 1958 :
504 1882 798 1987 publico
831 1885 953 1960 Tu
985 1882 1279 1986 perinde
1314 1878 1721 1986 obsequeris

107 1994 506 2069 commodo
525 2056 546 2088 ,
578 1995 727 2070 Tui
756 1994 871 2072 vel
899 2019 1366 2097 contemptor
1394 2054 1415 2087 ,
1442 1992 1556 2069 vel
1590 1993 1722 2066 im-

21 2186 32 2190 „
110 2131 411 2180 memor.
429 2106 549 2180 Sol
574 2106 882 2182 nubium
902 2135 984 2183 ac
1001 2132 1418 2200 ventorum,
1435 2108 1557 2180 Tu
1580 2106 1722 2179 ani->

110 2243 401 2292 morum
425 2222 502 2292 &
516 2216 892 2320 pectorum
912 2215 1181 2293 diffidia
1200 2216 1585 2320 componis
1605 2246 1618 2290 :
1642 2244 1723 2292 ac

96 2324 195 2401 ‘fit
236 2326 710 2429 pulcherrime
742 2391 763 2424 ,
794 2355 874 2406 vt
906 2330 1351 2434 Vbicumque
1388 2327 1724 2403 alteruter

113 2435 381 2516 fulserit
411 2501 433 2535 ,
467 2467 557 2516 ex
588 2467 795 2546 aequo
834 2442 934 2516 ibi
967 2438 1400 2527 conserenet‚
1436 2437 1725 2514 Verum-

1119 2551 1167 2626 b
1587 2547 1720 2654 ipsc
